@article{spencer1962general,
  title={General ray-tracing procedure},
  author={Spencer, GH and Murty, MVRK},
  journal={JOSA},
  volume={52},
  number={6},
  pages={672--678},
  year={1962},
  publisher={Optica Publishing Group}
}

@article{shirley2018ray,
  title={Ray tracing in one weekend},
  author={Shirley, Peter},
  journal={Amazon Digital Services LLC},
  volume={1},
  pages={4},
  year={2018}
}


@misc{mcguire2018graphics,
  title={The Graphics Codex},
  author={McGuire, Morgan},
  year={2018},
  publisher={Casual Effects}
}


@article{jakob2022dr,
  title={DR. JIT: a just-in-time compiler for differentiable rendering},
  author={Jakob, Wenzel and Speierer, S{\'e}bastien and Roussel, Nicolas and Vicini, Delio},
  journal={ACM Transactions on Graphics (TOG)},
  volume={41},
  number={4},
  pages={1--19},
  year={2022},
  publisher={ACM New York, NY, USA}
}


@article{orlosky2021telelife,
  title={Telelife: The future of remote living},
  author={Orlosky, Jason and Sra, Misha and Bekta{\c{s}}, Kenan and Peng, Huaishu and Kim, Jeeeun and Kosâ€™ myna, Nataliya and H{\"o}llerer, Tobias and Steed, Anthony and Kiyokawa, Kiyoshi and Ak{\c{s}}it, Kaan},
  journal={Frontiers in Virtual Reality},
  volume={2},
  pages={763340},
  year={2021},
  publisher={Frontiers Media SA}
}


@article{paszke2017automatic,
  title={Automatic differentiation in pytorch},
  author={Paszke, Adam and Gross, Sam and Chintala, Soumith and Chanan, Gregory and Yang, Edward and DeVito, Zachary and Lin, Zeming and Desmaison, Alban and Antiga, Luca and Lerer, Adam},
  journal={NIPS 2017 Workshop Autodiff},
  year={2017}
}


@book{roychoudhuri2017nature,
  title={The nature of light: What is a photon?},
  author={Roychoudhuri, Chandra and Kracklauer, Al F and Creath, Kathy},
  year={2017},
  publisher={CRC Press}
}


@book{cheng1993fundamentals,
  title={Fundamentals of engineering electromagnetics},
  author={Cheng, David Keun and others},
  year={1993},
  publisher={Addison-Wesley Reading, MA}
}


@book{hecht2012optics,
  title={Optics},
  author={Hecht, Eugene},
  year={2012},
  publisher={Pearson Education India}
}


@article{walton2021beyond,
  title={Beyond blur: Real-time ventral metamers for foveated rendering},
  author={Walton, David R and Dos Anjos, Rafael Kuffner and Friston, Sebastian and Swapp, David and Ak{\c{s}}it, Kaan and Steed, Anthony and Ritschel, Tobias},
  journal={ACM Transactions on Graphics},
  volume={40},
  number={4},
  pages={1--14},
  year={2021},
  publisher={Association for Computing Machinery (ACM)}
}


@article{akcsit2017near,
  title={Near-eye varifocal augmented reality display using see-through screens},
  author={Ak{\c{s}}it, Kaan and Lopes, Ward and Kim, Jonghyun and Shirley, Peter and Luebke, David},
  journal={ACM Transactions on Graphics (TOG)},
  volume={36},
  number={6},
  pages={1--13},
  year={2017},
  publisher={ACM New York, NY, USA}
}


@incollection{kavakli2022optimizing,
  title={Optimizing vision and visuals: lectures on cameras, displays and perception},
  author={Kavakli, Koray and Walton, David Robert and Antipa, Nick and Mantiuk, Rafa{\l} and Lanman, Douglas and Ak{\c{s}}it, Kaan},
  booktitle={ACM SIGGRAPH 2022 Courses},
  pages={1--66},
  year={2022}
}


@article{kingshott2022unrolled,
  title={Unrolled primal-dual networks for lensless cameras},
  author={Kingshott, Oliver and Antipa, Nick and Bostan, Emrah and Ak{\c{s}}it, Kaan},
  journal={Optics Express},
  volume={30},
  number={26},
  pages={46324--46335},
  year={2022},
  publisher={Optica Publishing Group}
}


@article{akcsit2019manufacturing,
  title={Manufacturing application-driven foveated near-eye displays},
  author={Ak{\c{s}}it, Kaan and Chakravarthula, Praneeth and Rathinavel, Kishore and Jeong, Youngmo and Albert, Rachel and Fuchs, Henry and Luebke, David},
  journal={IEEE transactions on visualization and computer graphics},
  volume={25},
  number={5},
  pages={1928--1939},
  year={2019},
  publisher={IEEE}
}


@inproceedings{schmid2014sound,
  title={From sound to sight: Using audio processing to enable visible light communication},
  author={Schmid, Stefan and Schwyn, Daniel and Ak{\c{s}}it, Kaan and Corbellini, Giorgio and Gross, Thomas R and Mangold, Stefan},
  booktitle={2014 IEEE Globecom Workshops (GC Wkshps)},
  pages={518--523},
  year={2014},
  organization={IEEE}
}


@article{bell1969generalized,
  title={Generalized laws of refraction and reflection},
  author={Bell, Robert J and Armstrong, Kendall R and Nichols, C Stephen and Bradley, Roger W},
  journal={JOSA},
  volume={59},
  number={2},
  pages={187--189},
  year={1969},
  publisher={Optica Publishing Group}
}


@book{born2013principles,
  title={Principles of optics: electromagnetic theory of propagation, interference and diffraction of light},
  author={Born, Max and Wolf, Emil},
  year={2013},
  publisher={Elsevier}
}


@article{schwartzburg2014high,
  title={High-contrast computational caustic design},
  author={Schwartzburg, Yuliy and Testuz, Romain and Tagliasacchi, Andrea and Pauly, Mark},
  journal={ACM Transactions on Graphics (TOG)},
  volume={33},
  number={4},
  pages={1--11},
  year={2014},
  publisher={ACM New York, NY, USA}
}


@book{goodman2005introduction,
  title={Introduction to Fourier optics},
  author={Goodman, Joseph W},
  year={2005},
  publisher={Roberts and Company publishers}
}


@article{schmidt2010numerical,
  title={Numerical simulation of optical wave propagation with examples in MATLAB},
  author={Schmidt, Jason D},
  journal={(No Title)},
  year={2010},
  publisher={Spie}
}


@article{heurtley1973scalar,
  title={Scalar Rayleigh--Sommerfeld and Kirchhoff diffraction integrals: a comparison of exact evaluations for axial points},
  author={Heurtley, John C},
  journal={JOSA},
  volume={63},
  number={8},
  pages={1003--1008},
  year={1973},
  publisher={Optica Publishing Group}
}


@article{sypek1995light,
  title={Light propagation in the Fresnel region. New numerical approach},
  author={Sypek, Maciej},
  journal={Optics communications},
  volume={116},
  number={1-3},
  pages={43--48},
  year={1995},
  publisher={Elsevier}
}


@article{matsushima2009band,
  title={Band-limited angular spectrum method for numerical simulation of free-space propagation in far and near fields},
  author={Matsushima, Kyoji and Shimobaba, Tomoyoshi},
  journal={Optics express},
  volume={17},
  number={22},
  pages={19662--19673},
  year={2009},
  publisher={Optica Publishing Group}
}


@article{zhang2020band,
  title={Band-extended angular spectrum method for accurate diffraction calculation in a wide propagation range},
  author={Zhang, Wenhui and Zhang, Hao and Jin, Guofan},
  journal={Optics letters},
  volume={45},
  number={6},
  pages={1543--1546},
  year={2020},
  publisher={Optical Society of America}
}


@article{zhang2020adaptive,
  title={Adaptive-sampling angular spectrum method with full utilization of space-bandwidth product},
  author={Zhang, Wenhui and Zhang, Hao and Jin, Guofan},
  journal={Optics Letters},
  volume={45},
  number={16},
  pages={4416--4419},
  year={2020},
  publisher={Optica Publishing Group}
}


@article{peng2020neural,
  title={Neural holography with camera-in-the-loop training},
  author={Peng, Yifan and Choi, Suyeon and Padmanaban, Nitish and Wetzstein, Gordon},
  journal={ACM Transactions on Graphics (TOG)},
  volume={39},
  number={6},
  pages={1--14},
  year={2020},
  publisher={ACM New York, NY, USA}
}


@article{chakravarthula2020learned,
  title={Learned hardware-in-the-loop phase retrieval for holographic near-eye displays},
  author={Chakravarthula, Praneeth and Tseng, Ethan and Srivastava, Tarun and Fuchs, Henry and Heide, Felix},
  journal={ACM Transactions on Graphics (TOG)},
  volume={39},
  number={6},
  pages={1--18},
  year={2020},
  publisher={ACM New York, NY, USA}
}


@article{kavakli2022learned,
  title={Learned holographic light transport},
  author={Kavakl{\i}, Koray and Urey, Hakan and Ak{\c{s}}it, Kaan},
  journal={Applied Optics},
  volume={61},
  number={5},
  pages={B50--B55},
  year={2022},
  publisher={Optica Publishing Group}
}


@inproceedings{kavakli2023realistic,
  title={Realistic defocus blur for multiplane computer-generated holography},
  author={Kavakl{\i}, Koray and Itoh, Yuta and Urey, Hakan and Ak{\c{s}}it, Kaan},
  booktitle={2023 IEEE Conference Virtual Reality and 3D User Interfaces (VR)},
  pages={418--426},
  year={2023},
  organization={IEEE}
}


@article{kogelnik1969coupled,
  title={Coupled wave theory for thick hologram gratings},
  author={Kogelnik, Herwig},
  journal={Bell System Technical Journal},
  volume={48},
  number={9},
  pages={2909--2947},
  year={1969},
  publisher={Wiley Online Library}
}


@article{huang2018metasurface,
  title={Metasurface holography: from fundamentals to applications},
  author={Huang, Lingling and Zhang, Shuang and Zentgraf, Thomas},
  journal={Nanophotonics},
  volume={7},
  number={6},
  pages={1169--1190},
  year={2018},
  publisher={De Gruyter}
}


@techreport{swanson1989binary,
  title={Binary optics technology: the theory and design of multi-level diffractive optical elements},
  author={Swanson, Gary J},
  year={1989},
  institution={MASSACHUSETTS INST OF TECH LEXINGTON LINCOLN LAB}
}

@book{goldstein2010sensation,
  title={Sensation and Perception},
  author={Goldstein, E. Bruce},
  edition={8th},
  year={2010},
  publisher={Wadsworth-Thomson Learning, Pacific Grove}
}

@article{freeman2011metamers,
  title={Metamers of the ventral stream},
  author={Freeman, Jeremy and Simoncelli, Eero P},
  journal={Nature Neuroscience},
  volume={14},
  pages={1195--1201},
  year={2011},
  doi={10.1038/nn.2889},
  publisher={Springer Nature}
}

@article{lamb2015why,
  title={Why rods and cones?},
  author={Lamb, Trevor D},
  journal={Eye},
  volume={30},
  pages={179--185},
  year={2015},
  doi={10.1038/eye.2015.236},
  publisher={Springer Nature}
}

@article{schmidt2014neurobiological,
  title={Neurobiological hypothesis of color appearance and hue perception},
  author={Schmidt, Brian P and Neitz, Maureen and Neitz, Jay},
  journal={Journal of the Optical Society of America A},
  volume={31},
  number={4},
  pages={A195--A207},
  year={2014},
  doi={10.1364/JOSAA.31.00A195},
  publisher={Optica Publishing Group}
}

@article{rspb1942trichromatic,
  title={Some experiments on the trichromatic theory of vision},
  journal={Proceedings of the Royal Society of London. Series B - Biological Sciences},
  author={Walters, H. V.},
  volume={131},
  pages={27--50},
  year={1942},
  doi={10.1098/rspb.1942.0016},
  publisher={Royal Society}
}

@article{stockman2000spectral,
  title={The spectral sensitivities of the middle- and long-wavelength-sensitive cones derived from measurements in observers of known genotype},
  author={Stockman, Andrew and Sharpe, Lindsay T},
  journal={Vision Research},
  volume={40},
  pages={1711--1737},
  year={2000},
  doi={10.1016/S0042-6989(00)00021-3},
  publisher={Elsevier}
}

@article{shevell2017color,
  title={Color opponency: tutorial},
  author={Shevell, Steven K and Martin, Paul R},
  journal={Journal of the Optical Society of America A},
  volume={34},
  number={8},
  pages={1099--1110},
  year={2017},
  doi={10.1364/JOSAA.34.001099},
  publisher={Optica Publishing Group}
}
